<record><leader>00000cas a22000007a 4500</leader><controlfield tag="001">24947603</controlfield><controlfield tag="008">911213d19001902ncudn ne      0    0eng d</controlfield><datafield ind1=" " ind2=" " tag="010"><subfield code="a">sn 91068513 </subfield></datafield><datafield ind1=" " ind2=" " tag="040"><subfield code="a">NVJ</subfield><subfield code="b">eng</subfield><subfield code="c">NVJ</subfield><subfield code="d">OCLCQ</subfield></datafield><datafield ind1=" " ind2=" " tag="042"><subfield code="a">msc</subfield></datafield><datafield ind1="0" ind2=" " tag="130"><subfield code="a">Evening free press (Kinston, N.C.)</subfield></datafield><datafield ind1="1" ind2="4" tag="245"><subfield code="a">The evening free press.</subfield></datafield><datafield ind1=" " ind2=" " tag="260"><subfield code="a">Kinston, N.C. :</subfield><subfield code="b">W.S. Herbert</subfield></datafield><datafield ind1=" " ind2=" " tag="300"><subfield code="a">v.</subfield></datafield><datafield ind1=" " ind2=" " tag="310"><subfield code="a">Daily (except Sunday)</subfield></datafield><datafield ind1="0" ind2=" " tag="362"><subfield code="a">Vol. 3, no. 180 (Nov. 2, 1900)-</subfield></datafield><datafield ind1="1" ind2=" " tag="362"><subfield code="a">Ceased in Mar. 1902.</subfield></datafield><datafield ind1=" " ind2=" " tag="580"><subfield code="a">Semiweekly ed.: Kinston free press, 1900-1902.</subfield></datafield><datafield ind1=" " ind2=" " tag="752"><subfield code="a">United States</subfield><subfield code="b">North Carolina</subfield><subfield code="c">Lenoir</subfield><subfield code="d">Kinston.</subfield></datafield><datafield ind1="1" ind2=" " tag="775"><subfield code="t">Kinston free press</subfield><subfield code="w">(DLC)sn 91068455</subfield></datafield><datafield ind1="0" ind2="0" tag="780"><subfield code="t">Daily free press (Kinston, N.C. : 1898)</subfield><subfield code="w">(DLC)sn 91068454</subfield></datafield><datafield ind1="0" ind2="0" tag="785"><subfield code="t">Daily free press (Kinston, N.C. : 1902)</subfield><subfield code="w">(DLC)sn 91068514</subfield></datafield></record>